<?xml version="1.0" encoding="UTF-8"?><collection xmlns="http://www.loc.gov/MARC21/slim"><record><leader>00555nam--2200181-i-4500</leader><controlfield tag="001">000042909</controlfield><controlfield tag="002">20161230</controlfield><controlfield tag="005">20161230201043</controlfield><controlfield tag="008">060222s1000------------r-----000-0-eng-d</controlfield><datafield ind1=" " ind2=" " tag="040"><subfield code="a">IFIN-HH</subfield></datafield><datafield ind1=" " ind2=" " tag="080"><subfield code="a">621.315.612.6</subfield></datafield><datafield ind1="1" ind2=" " tag="100"><subfield code="a">Stevels, J.M</subfield></datafield><datafield ind1="1" ind2="0" tag="245"><subfield code="a">Progress in the theory of the physical properties of glass</subfield><subfield code="c">J.m. stevels</subfield></datafield><datafield ind1=" " ind2=" " tag="260"><subfield code="a">New York</subfield><subfield code="b">Elsevier Publishing Company, Inc</subfield><subfield code="c">1948</subfield></datafield><datafield ind1=" " ind2=" " tag="300"><subfield code="a">XI + 104 P</subfield></datafield><datafield ind1=" " ind2=" " tag="490"><subfield code="a">Monographs On Progress Of Research In Holland During The War</subfield></datafield><datafield ind1=" " ind2=" " tag="852"><subfield code="a">169</subfield><subfield code="c">539.2</subfield></datafield><datafield ind1=" " ind2=" " tag="CAT"><subfield code="a">Sys</subfield><subfield code="c">20120718</subfield><subfield code="h">122447</subfield></datafield></record></collection>